<record><leader>00000cas a22000007a 4500</leader><controlfield tag="001">16096172</controlfield><controlfield tag="008">870627d19511960aluwr ne      0    0eng d</controlfield><datafield ind1=" " ind2=" " tag="010"><subfield code="a">sn 87050228 </subfield></datafield><datafield ind1=" " ind2=" " tag="040"><subfield code="a">AAR</subfield><subfield code="b">eng</subfield><subfield code="c">AAR</subfield><subfield code="d">CPN</subfield><subfield code="d">OCLCQ</subfield></datafield><datafield ind1=" " ind2=" " tag="042"><subfield code="a">msc</subfield></datafield><datafield ind1="0" ind2=" " tag="130"><subfield code="a">Walker County times (Jasper, Ala.)</subfield></datafield><datafield ind1="1" ind2="0" tag="245"><subfield code="a">Walker County times.</subfield></datafield><datafield ind1=" " ind2=" " tag="260"><subfield code="a">Jasper, Ala. :</subfield><subfield code="b">Union News, Inc.,</subfield><subfield code="c">1951-</subfield></datafield><datafield ind1=" " ind2=" " tag="310"><subfield code="a">Weekly</subfield></datafield><datafield ind1="0" ind2=" " tag="362"><subfield code="a">Vol. 25, no. 9 (Jan. 4, 1951)-</subfield></datafield><datafield ind1="1" ind2=" " tag="362"><subfield code="a">Ceased in 1960.</subfield></datafield><datafield ind1=" " ind2=" " tag="752"><subfield code="a">United States</subfield><subfield code="b">Alabama</subfield><subfield code="c">Walker</subfield><subfield code="d">Jasper.</subfield></datafield><datafield ind1="0" ind2="0" tag="780"><subfield code="t">Union news (Jasper, Ala.)</subfield><subfield code="w">(DLC)sn 87050227</subfield></datafield><datafield ind1="0" ind2="4" tag="785"><subfield code="t">Daily mountain eagle</subfield><subfield code="w">(DLC)sn 87000283</subfield></datafield></record>